<?xml version="1.0" encoding="UTF-8"?><record xmlns="http://www.loc.gov/MARC21/slim" xmlns:cinclude="http://apache.org/cocoon/include/1.0" xmlns:zs="http://www.loc.gov/zing/srw/">
  <leader>00504nz  a2200133n  4500</leader>
  <controlfield tag="001">n 2005181573</controlfield>
  <controlfield tag="003">DLC</controlfield>
  <controlfield tag="005">20050411044122.0</controlfield>
  <controlfield tag="008">050411n| acannaabn          |n ana      </controlfield>
  <datafield tag="010" ind1=" " ind2=" ">
    <subfield code="a">n 2005181573</subfield>
  </datafield>
  <datafield tag="035" ind1=" " ind2=" ">
    <subfield code="a">(DNLM)1298322</subfield>
  </datafield>
  <datafield tag="040" ind1=" " ind2=" ">
    <subfield code="a">DNLM</subfield>
    <subfield code="b">eng</subfield>
    <subfield code="c">DNLM</subfield>
  </datafield>
  <datafield tag="110" ind1="2" ind2=" ">
    <subfield code="a">National Library of Medicine (U.S.).</subfield>
    <subfield code="b">Collection Access Section</subfield>
  </datafield>
  <datafield tag="670" ind1=" " ind2=" ">
    <subfield code="a">Collection Access Section, viewed on Apr. 7, 2005:</subfield>
    <subfield code="b">title screen (United States National Library of Medicine, National Institutes of Health, Collection Access Section)</subfield>
  </datafield>
</record>